@misc{rulebook_2017,
  author =       {Loy van Beek AND Dirk Holz AND Mauricio Matamoros
                  AND Caleb Rascon AND and Sven Wachsmuth},
  title =        {RoboCup@Home 2017: Rules and Regulations},
  year =         2017,
  howpublished = {\url{http://www.robocupathome.org/rules/2017_rulebook.pdf}},
}